<?xml version="1.0" encoding="UTF-8"?>
<record xmlns="http://www.loc.gov/MARC21/slim" xmlns:xsi="http://www.w3.org/2001/XMLSchema-instance" xsi:schemaLocation="http://www.loc.gov/MARC21/slim http://www.loc.gov/standards/marcxml/schema/MARC21slim.xsd">
<leader>00000cam a22      a 4500</leader>
<controlfield tag="001">001717232</controlfield>
<controlfield tag="003">NNU</controlfield>
<controlfield tag="005">20151019165248.0</controlfield>
<controlfield tag="008">981230s1965    iq            000 0 ara d</controlfield>
<datafield tag="035" ind1=" " ind2=" ">
<subfield code="a">(OCoLC)40556809</subfield>
</datafield>
<datafield tag="040" ind1=" " ind2=" ">
<subfield code="a">CUD</subfield>
<subfield code="b">eng</subfield>
<subfield code="c">CUD</subfield>
<subfield code="d">OCL</subfield>
<subfield code="d">OCLCG</subfield>
<subfield code="d">LGG</subfield>
<subfield code="d">OCLCA</subfield>
<subfield code="d">OCLCQ</subfield>
<subfield code="d">OCLCO</subfield>
<subfield code="d">OCLCF</subfield>
<subfield code="d">NNU</subfield>
</datafield>
<datafield tag="050" ind1=" " ind2="4">
<subfield code="a">BP192.8</subfield>
<subfield code="b">.Q6 1965</subfield>
</datafield>
<datafield tag="100" ind1="1" ind2=" ">
<subfield code="6">880-01</subfield>
<subfield code="a">Qundūzī, Sulaymān ibn Ibrāhīm,</subfield>
<subfield code="d">1805-1853 or 1854.</subfield>
</datafield>
<datafield tag="245" ind1="1" ind2="0">
<subfield code="6">880-02</subfield>
<subfield code="a">Yanābīʻ al-mawaddah /</subfield>
<subfield code="c">taʼlīf Sulaymān ibn Ibrāhīm al-Qundūzī al-Ḥanafī ; waḍaʻa al-muqaddimah Muḥammad Mahdī al-Sayyid Ḥasan al-Kharsān.</subfield>
</datafield>
<datafield tag="250" ind1=" " ind2=" ">
<subfield code="6">880-03</subfield>
<subfield code="a">ʼAl-Ṭabʻah 7.</subfield>
</datafield>
<datafield tag="260" ind1=" " ind2=" ">
<subfield code="6">880-04</subfield>
<subfield code="a">al-Najaf :</subfield>
<subfield code="b">al-Maktabah al-Ḥaydarīyah,</subfield>
<subfield code="c">1965.</subfield>
</datafield>
<datafield tag="300" ind1=" " ind2=" ">
<subfield code="a">636 pages ;</subfield>
<subfield code="c">25 cm</subfield>
</datafield>
<datafield tag="336" ind1=" " ind2=" ">
<subfield code="a">text</subfield>
<subfield code="b">txt</subfield>
<subfield code="2">rdacontent</subfield>
</datafield>
<datafield tag="337" ind1=" " ind2=" ">
<subfield code="a">unmediated</subfield>
<subfield code="b">n</subfield>
<subfield code="2">rdamedia</subfield>
</datafield>
<datafield tag="338" ind1=" " ind2=" ">
<subfield code="a">volume</subfield>
<subfield code="b">nc</subfield>
<subfield code="2">rdacarrier</subfield>
</datafield>
<datafield tag="500" ind1=" " ind2=" ">
<subfield code="a">Wa-tamtāzu ʻalá bāqī ʼal-ṭabaʻāt bi-ʼal-taṣḥīḥ wa-ʼal-tadqīq.</subfield>
</datafield>
<datafield tag="500" ind1=" " ind2=" ">
<subfield code="a">Title on p. 4 of cover: Yanabia al-mawaddeh.</subfield>
</datafield>
<datafield tag="650" ind1=" " ind2="0">
<subfield code="a">Imamate.</subfield>
</datafield>
<datafield tag="600" ind1="0" ind2="0">
<subfield code="6">880-05</subfield>
<subfield code="a">Muḥammad,</subfield>
<subfield code="c">Prophet,</subfield>
<subfield code="d">-632</subfield>
<subfield code="x">Family.</subfield>
</datafield>
<datafield tag="650" ind1=" " ind2="7">
<subfield code="a">Imamate.</subfield>
<subfield code="2">fast</subfield>
<subfield code="0">(OCoLC)fst00967643.</subfield>
</datafield>
<datafield tag="700" ind1="1" ind2=" ">
<subfield code="6">880-06</subfield>
<subfield code="a">Kharsān, Ḥasan al-Mūsawī.</subfield>
</datafield>
<datafield tag="740" ind1="0" ind2=" ">
<subfield code="6">880-07</subfield>
<subfield code="a">Yanābīʻ al-mawaddeh.</subfield>
</datafield>
<datafield tag="880" ind1="1" ind2=" ">
<subfield code="6">100-01/</subfield>
<subfield code="a">قندوزي، سليمان بن ابراهيم،</subfield>
<subfield code="d">1805-1853 or 1854.</subfield>
</datafield>
<datafield tag="880" ind1="1" ind2="0">
<subfield code="6">245-02/</subfield>
<subfield code="a">ينابيع المودة /</subfield>
<subfield code="c">تأليف سليمان بن ابراهيم القندوزي الحنفي ؛ وضع المقدمة محمد مهدي السيد حسن الخرسان.</subfield>
</datafield>
<datafield tag="880" ind1=" " ind2=" ">
<subfield code="6">250-03/</subfield>
<subfield code="a">ءلطبعة 7.</subfield>
</datafield>
<datafield tag="880" ind1=" " ind2=" ">
<subfield code="6">260-04/</subfield>
<subfield code="a">النجف :</subfield>
<subfield code="b">المكتبة الحيدرية،</subfield>
<subfield code="c">1965.</subfield>
</datafield>
<datafield tag="880" ind1="0" ind2="4">
<subfield code="6">600-05/</subfield>
<subfield code="a">محمد،</subfield>
<subfield code="c">Prophet,</subfield>
<subfield code="d">-632</subfield>
<subfield code="x">Family.</subfield>
</datafield>
<datafield tag="880" ind1="1" ind2=" ">
<subfield code="6">700-06/</subfield>
<subfield code="a">خرسان، حسن الموسوي.</subfield>
</datafield>
<datafield tag="880" ind1="0" ind2=" ">
<subfield code="6">740-07/</subfield>
<subfield code="a">ينابيع الموده.</subfield>
</datafield>
<datafield tag="OWN" ind1=" " ind2=" ">
<subfield code="a">GENERAL</subfield>
</datafield>
<datafield tag="AVA" ind1=" " ind2=" ">
<subfield code="a">NYU50</subfield>
<subfield code="b">BOBST</subfield>
<subfield code="c">Main Collection</subfield>
<subfield code="d">DS238.A6 Q5 1965</subfield>
<subfield code="e">unavailable</subfield>
<subfield code="t">Unavailable</subfield>
<subfield code="f">1</subfield>
<subfield code="g">1</subfield>
<subfield code="h">N</subfield>
<subfield code="i">0</subfield>
<subfield code="j">MAIN</subfield>
<subfield code="k">0</subfield>
</datafield>
</record>
